@STRING{COLUMBIA = " Columbia University"}
@STRING{AILAB = "{MIT} Artificial Intelligence Laboratory"}
@STRING{FSF = "{Free Software Foundation}"}
@STRING{IETF = "Internet Engineering Task Force"}
@STRING{ISO = "{International Organization for Standardization}"}
@STRING{LCS = "{MIT} Laboratory for Computer Science"}
@STRING{MIT = "Massachusetts Institute of Technology"}
@STRING{NYU = "New York University"}
@STRING{SRC = "Digital Equipment, Systems Research Center"}
@STRING{PARC = "Xerox Palo Alto Research Center"}
@STRING{UCB = "University of California at Berkeley"}
@STRING{UW = "University of Washington"}
@STRING{W3C = "World Wide Web Consortium"}

@STRING{AI = "Artificial Intelligence"}
@STRING{AMED = "Academic Medicine"}
@STRING{CJ = "Computer Journal"}
@STRING{CACM = "Communications of the {ACM}"}
@STRING{COMPUTER = "{IEEE} Computer"}
@STRING{IAC = "Information and Computation"}
@STRING{JACM = "Journal of the {ACM}"}
@STRING{JAR = "Journal of Automated Reasoning"}
@STRING{JFP = "Journal of Functional Programming"}
@STRING{JIIS = "Journal of Intelligent Information Systems"}
@STRING{JSAC = "{IEEE} Journal on Selected Areas in Communications"}
@STRING{JSL = "Journal of Symbolic Logic"}
@STRING{MCOM = "Mathematics of Computation"}
@STRING{NETWORK = "{IEEE} Network"}
@STRING{NEJMED = "New England Journal of Medicine"}
@STRING{OSR = "{ACM} Operating Systems Review"}
@STRING{PERSCOMM = "{IEEE} Personal Communications"}
@STRING{IEEEPERVASIVE = "{IEEE} Pervasive Computing"}
@STRING{PROCIEEE = "Proceedings of the {IEEE}"}
@STRING{SCP = "Science of Computer Programming"}
@STRING{SIGARCH = "{ACM} {SIGARCH} Computer Architecture News"}
@STRING{SIGMODRECORD = "{ACM} {SIGMOD} Record"}
@STRING{SIGPLAN = "{ACM} {SIGPLAN} Notices"}
@STRING{SPE = "Software: Practice and Experience"}
@STRING{SURVEYS = "{ACM} Computing Surveys"}
@STRING{SCIAM = "Scientific American"}
@STRING{SCICOP = "Science of Computer Programming"}
@STRING{SCIPRO = "Scientific Programming"}
@STRING{TISSEC = "{ACM} Transactions on Information and System Security"}
@STRING{TKDE = "{IEEE} Transactions on Knowledge and Data Engineering"}
@STRING{TOPADS = "{IEEE} Transactions on Parallel and Distributed Systems"}
@STRING{TOPAMI = "{IEEE} Transactions on Pattern Analysis and Machine Intelligence"}
@STRING{TOC = "{IEEE} Transactions on Computers"}
@STRING{TOCS = "{ACM} Transactions on Computer Systems"}
@STRING{TODS = "{ACM} Transactions on Database Systems"}
@STRING{TOG = "{ACM} Transactions on Graphics"}
@STRING{TOIT = "{ACM} Transactions on Internet Technology"}
@STRING{TOMS = "{ACM} Transactions on Mathematical Software"}
@STRING{TOPLAS = "{ACM} Transactions on Programming Languages and Systems"}
@STRING{TOPLAS = "TOPLAS"}
@STRING{TOSEM = "{ACM} Transactions on Software Engineering and Methodology"}
@STRING{TON = "{IEEE/ACM} Transactions on Networking"}
@STRING{TSE = "{IEEE} Transactions on Software Engineering"}
@STRING{TSE = "TSE"}
@STRING{VLDBJ = "The {VLDB} Journal"}

@STRING{LNCS = "Lecture Notes in Computer Science"}
@STRING{LNCS = "LNCS"}
@STRING{ENTCS = "Electronic Notes in Theoretical Computer Science"}

@STRING{POT = "Proc. "}
@STRING{COMPANION = "Companion "}

@STRING{ACP4IS = " Workshop on Aspects, Components, and Patterns for Infrastructure Software"}
@STRING{AOSD = " {ACM} International Conference on Aspect-Oriented Software Development"}
@STRING{AOSD = " AOSD"}
@STRING{APL = " International Conference on {APL}"}
@STRING{ASPLOS = " {ACM} International Conference on Architectural Support for Programming Languages and Operating Systems"}
@STRING{BABEL = " International Workshop on Multi-Language Infrastructure and Interoperability"}
@STRING{CASES = " International Conference on Compilers, Architectures and Synthesis for Embedded Systems"}
@STRING{CBMS = " {IEEE} Symposium on Computer-Based Medical Systems"}
@STRING{CC = " International Conference on Compiler Construction"}
@STRING{CCS = " {ACM} Conference on Computer and Communications Security"}
@STRING{CGO = " {IEEE/ACM} International Symposium on Code Generation and Optimization"}
@STRING{CIDR = " Conference on Innovative Data Systems Research"}
@STRING{COMPSAC = " {IEEE} Computer Software and Applications Conference"}
@STRING{CSMR = " {IEEE} European Conference on Software Maintenance and Reengineering"}
@STRING{DAC = " {ACM}/{IEEE} Design Automation Conference"}
@STRING{DAMP = " Workshop on Declarative Aspects of Multicore Programming"}
@STRING{DEBS = " International Conference on Distributed Event-Based Systems"}
@STRING{DBPL = " International Conference on Database Programming Languages"}
@STRING{DMSSP = " International Workshop on Data Mining Standards, Services, and Platforms"}
@STRING{DSL = " {USENIX} Conference on Domain-Specific Languages"}
@STRING{ECOOP = " European Conference on Object-Oriented Programming"}
@STRING{ESEC = " European Software Engineering Conference"}
@STRING{ESOP = " European Symposium on Programming"}
@STRING{EUROSYS = " European Conference on Computer Systems"}
@STRING{FAST = " {USENIX} Conference on File and Storage Technologies"}
@STRING{FLOPS = " International Symposium on Functional and Logic Programming"}
@STRING{FOOL = " {ACM SIGPLAN} Workshop on Foundations of Object-Oriented Languages"}
@STRING{FPCA = " {ACM} International Conference on Functional Programming Languages and Computer Architecture"}
@STRING{FREENIX = "{FREENIX} Track, "}
@STRING{FSE = " {ACM} {SIGSOFT} Symposium on Foundations of Software Engineering"}
@STRING{GPCE = " International Conference on Generative Programming and Component Engineering"}
@STRING{GTTSE = " International Summer School on Generative and Transformational Techniques in Software Engineering"}
@STRING{HASKELL = " ACM SIGPLAN Workshop on Haskell"}
@STRING{HAWAII = " Hawaii International Conference on System Sciences"}
@STRING{HIPEAC = " International Conference on High-Performance and Embedded Architectures and Compilers"}
@STRING{HOPL = " ACM SIGPLAN Conference on the History of Programming Languages"}
@STRING{HOTOS = " Workshop on Hot Topics in Operating Systems"}
@STRING{HOTNETS = " {ACM} Workshop on Hot Topics in Networks"}
@STRING{HUC = " International Symposium on Handheld and Ubiquitous Computing"}
@STRING{ICDE = " International Conference on Data Engineering"}
@STRING{ICDCS = " {IEEE} International Conference on Distributed Computing Systems"}
@STRING{ICFP = " {ACM} International Conference on Functional Programming"}
@STRING{ICSE = " International Conference on Software Engineering"}
@STRING{ICSM = " {IEEE} International Conference on Software Maintenance"}
@STRING{IFIP = "{IFIP} Congress "}
@STRING{INFOCOM = " {IEEE} Conference on Computer Communications"}
@STRING{IOPADS = " Workshop on {I/O} in Parallel and Distributed Systems"}
@STRING{IPDPS = " {IEEE} International Parallel and Distributed Processing Symposium"}
@STRING{IPTPS = " International Workshop on Peer-to-Peer Systems"}
@STRING{ISCA = " {ACM} International Symposium on Computer Architecture"}
@STRING{ISSSE = " {IEEE} International Symposium on Secure Software Engineering"}
@STRING{IWCW = " International Workshop on Web Content Caching and Distribution"}
@STRING{IWPC = " {IEEE} International Workshop on Program Comprehension"}
@STRING{IWPC = " IWPC"}
@STRING{JVM = " Java Virtual Machine Research and Technology Symposium"}
@STRING{LCTES = " {ACM SIGPLAN/SIGBED} Conference on Languages, Compilers, and Tools for Embedded Systems"}
@STRING{LDTA = " Workshop on Language Descriptions, Tools, and Applications"}
@STRING{LFP = " {ACM} Conference on {LISP} and Functional Programming"}
@STRING{MICRO = " {IEEE/ACM} International Symposium on Microarchitecture"}
@STRING{MIDDLEWARE = " {ACM/\-IFIP/\-USENIX} International Conference on Middleware"}
@STRING{ML = " {ACM SIGPLAN} Workshop on ML"}
@STRING{MOBICOM = " {ACM/IEEE} International Conference on Mobile Computing and Networking"}
@STRING{MOBISYS = " {USENIX} International Conference on Mobile Systems, Applications, and Services"}
@STRING{NCSC = " National Computer Security Conference"}
@STRING{NSDI = " {ACM/USENIX} Symposium on Networked Systems Design and Implementation"}
@STRING{NSPW = " {ACM} New Security Paradigms Workshop"}
@STRING{OOPSLA = " {ACM} Conference on Object-Oriented Programming Systems, Languages, and Applications"}
@STRING{OSDI = " {USENIX} Symposium on Operating Systems Design and Implementation"}}
@STRING{PACT = " International Conference on Parallel Architectures and Compilation Techniques"}
@STRING{PADL = " International Symposium on Practical Aspects of Declarative Languages"}
@STRING{PPDP = " {ACM} Conference on Principles and Practice of Declarative Programming"}
@STRING{PDPTA = " International Conference on Parallel and Distributed Processing Techniques and Applications"}
@STRING{PEPM = " {ACM SIGPLAN} Symposium on Partial Evaluation and Semantics-Based Program Manipulation"}
@STRING{PERVASIVE = " International Conference on Pervasive Computing"}
@STRING{PLDI = " {ACM} Conference on Programming Language Design and Implementation"}
@STRING{PLOS = " Workshop on Programming Languages and Operating Systems"}
@STRING{PODC = " {ACM} Symposium on Principles of Distributed Computing"}
@STRING{PODS = " {ACM} Symposium on Principles of Database Systems"}
@STRING{POPL = " {ACM} Symposium on Principles of Programming Languages"}
@STRING{PPOPP = " {ACM SIGPLAN} Symposium on Principles and Practice of Parallel Programming"}
@STRING{RTSS = " {IEEE} International Real-Time Systems Symposium"}
@STRING{SACMAT = " {ACM} Symposium on Access Control Models and Technologies"}
@STRING{SEC = " {USENIX} Security Symposium"}
@STRING{SCAM = " {IEEE} International Workshop on Source Code Analysis and Manipulation"}
@STRING{SCC = " {ACM SIGPLAN} Symposium on Compiler Construction"}
@STRING{SECPRI = " {IEEE} Symposium on Security and Privacy"}
@STRING{SESPSDE = " {ACM} Software Engineering Symposium on Practical Software Development Environments"}
@STRING{SIGCOMM = " {ACM} Conference on Applications, Technologies, Architectures, and Protocols for Computer Communication"}
@STRING{SIGGRAPH = " {ACM} International Conference on Computer Graphics and Interactive Techniques"}
@STRING{SIGMETRICS = " {ACM SIGMETRICS} Conference on Measurement and Modeling of Computer Systems"}
@STRING{SIGMOD = " {ACM SIGMOD} International Conference on Management of Data"}
@STRING{SIGOPS = " {ACM SIGOPS} European Workshop"}
@STRING{SLE = "International Conference on Software Language Engineering"}
@STRING{SOSP = " {ACM} Symposium on Operating Systems Principles"}
@STRING{SPAA = " {ACM} Symposium on Parallel Algortihms and Architectures"}
@STRING{SPLAT = " Workshop on Software Engineering Properties of Languages and Aspect Technologies"}
@STRING{STOC = " {ACM} Symposium on Theory of Computing"}
@STRING{USITS = " {USENIX} Symposium on Internet Technologies and Systems"}
@STRING{USENIX = " {USENIX} Annual Technical Conference"}
@STRING{VAMOS = " {ACM} Workshop on Variability Modeling of Software-Intensive Systems"}
@STRING{VEE = " {ACM SIGPLAN/SIGOPS} International Conference on Virtual Execution Environments"}
@STRING{VLDB = " International Conference on Very Large Data Bases"}
@STRING{VM = " {USENIX} Virtual Machine Research and Technology Symposium"}
@STRING{WCRE = " {IEEE} Working Conference on Reverse Engineering"}
@STRING{WCSSS = POT # "{ACM} Workshop on Compiler Support for System Software"}
@STRING{WHPCF = " {IEEE} Workshop on High Performance Computational Finance"}
@STRING{WINDOWS = " {USENIX} {Windows NT} Symposium"}
@STRING{WRT = " {ACM} Workshop on Refactoring Tools"}
@STRING{WWW = " International World Wide Web Conference"}
@STRING{XMLSEC = " {ACM} Workshop on XML Security"}

@STRING{ACP4IS09 = POT # "8th" # ACP4IS}

@STRING{AOSD03 = POT # "2nd" # AOSD}
@STRING{AOSD07 = POT # "6th" # AOSD}
@STRING{AOSD09 = POT # "8th" # AOSD}

@STRING{APL83 = POT # APL}

@STRING{ASPLOS94 = POT # "6th" # ASPLOS}
@STRING{ASPLOS96 = POT # "7th" # ASPLOS}
@STRING{ASPLOS98 = POT # "8th" # ASPLOS}
@STRING{ASPLOS00 = POT # "9th" # ASPLOS}
@STRING{ASPLOS02 = POT # "10th" # ASPLOS}
@STRING{ASPLOS06 = POT # "12th" # ASPLOS}
@STRING{ASPLOS08 = POT # "13th" # ASPLOS}

@STRING{BABEL01 = POT # "1st" # BABEL}

@STRING{CASES10 = POT # CASES}

@STRING{CBMS04 = POT # "17th" # CBMS}

@STRING{CC94 = POT # "5th"  # CC}
@STRING{CC02 = POT # "11th" # CC}
@STRING{CC03 = POT # "12th" # CC}
@STRING{CC04 = POT # "13th" # CC}
@STRING{CC05 = POT # "14th" # CC}
@STRING{CC09 = POT # "18th" # CC}

@STRING{CCS97 = POT # "4th" # CCS}

@STRING{CGO04 = POT # "2nd" # CGO}
@STRING{CGO08 = POT # "6th" # CGO}

@STRING{CIDR03 = POT # CIDR}
@STRING{CIDR05 = POT # CIDR}

@STRING{COMPSAC01 = POT # "25th" # COMPSAC}

@STRING{CSMR03 = POT # "7th" # CSMR}

@STRING{DAC99 = POT # "36th" # DAC}

@STRING{DAMP07 = POT # DAMP}

@STRING{DEBS08 = POT # "2nd" # DEBS}
@STRING{DEBS12 = POT # "6th" # DEBS}

@STRING{DBPL07 = POT # "11th" # DBPL}

@STRING{DMSSP06 = POT # "4th" # DMSSP}

@STRING{DSL97 = POT # DSL}

@STRING{ECOOP98 = POT # "12th" # ECOOP}
@STRING{ECOOP99 = POT # "13th" # ECOOP}
@STRING{ECOOP03 = POT # "17th" # ECOOP}
@STRING{ECOOP04 = POT # "18th" # ECOOP}
@STRING{ECOOP05 = POT # "19th" # ECOOP}
@STRING{ECOOP07 = POT # "21st" # ECOOP}
@STRING{ECOOP08 = POT # "22nd" # ECOOP}

@STRING{ESEC05 = POT # "10th" # ESEC}

@STRING{ESOP98 = POT # "7th" # ESOP}
@STRING{ESOP06 = POT # "15th" # ESOP}
@STRING{ESOP07 = POT # "16th" # ESOP}
@STRING{ESOP10 = POT # "19th" # ESOP}

@STRING{EUROSYS06 = POT # "1st" # EUROSYS}
@STRING{EUROSYS07 = POT # "2nd" # EUROSYS}
@STRING{EUROSYS10 = POT # "5th" # EUROSYS}
@STRING{EUROSYS11 = POT # "6th" # EUROSYS}

@STRING{FAST03 = POT # "2nd" # FAST}

@STRING{FLOPS04 = POT # "7th" # FLOPS}
@STRING{FLOPS06 = POT # "8th" # FLOPS}

@STRING{FOOL02 = POT # "9th" # FOOL}
@STRING{FOOL08 = POT # "2008" # FOOL}
@STRING{FOOL09 = POT # "2009" # FOOL}

@STRING{FPCA95 = POT # "7th" # FPCA}

@STRING{FREENIX99 = POT # FREENIX # 1999 # USENIX}

@STRING{FSE96 = POT # "4th" # FSE}

@STRING{GPCE06 = POT # "5th" # GPCE}

@STRING{GTTSE05 = POT # GTTSE}

@STRING{HASKELL02 = POT # HASKELL}
@STRING{HASKELL06 = POT # HASKELL}

@STRING{HAWAII31 = POT # "31st" # HAWAII}
@STRING{HAWAII32 = POT # "32nd" # HAWAII}

@STRING{HIPEAC11 = POT # "6th" # HIPEAC}

@STRING{HOPL07 = POT # "3rd" # HOPL}

@STRING{HOTOS95 = POT # "5th" # HOTOS}
@STRING{HOTOS97 = POT # "6th" # HOTOS}
@STRING{HOTOS99 = POT # "7th" # HOTOS}
@STRING{HOTOS01 = POT # "8th" # HOTOS}
@STRING{HOTOS03 = POT # "9th" # HOTOS}
@STRING{HOTOS05 = POT # "10th" # HOTOS}

@STRING{HOTNETS02 = POT # "1st" # HOTNETS}
@STRING{HOTNETS03 = POT # "2nd" # HOTNETS}

@STRING{HUC00 = POT # "2nd" # HUC}

@STRING{ICDE93 = POT # "9th" # ICDE}
@STRING{ICDE94 = POT # "10th" # ICDE}
@STRING{ICDE02 = POT # "18th" # ICDE}
@STRING{ICDE03 = POT # "19th" # ICDE}
@STRING{ICDE04 = POT # "20th" # ICDE}
@STRING{ICDE05 = POT # "21st" # ICDE}
@STRING{ICDE06 = POT # "22nd" # ICDE}
@STRING{ICDE08 = POT # "24th" # ICDE}
@STRING{ICDE11 = POT # "27th" # ICDE}

@STRING{ICDCS86 = POT # "6th"  # ICDCS}
@STRING{ICDCS96 = POT # "16th" # ICDCS}
@STRING{ICDCS99 = POT # "19th" # ICDCS}
@STRING{ICDCS00 = POT # "20th" # ICDCS}
@STRING{ICDCS01 = POT # "21st" # ICDCS}
@STRING{ICDCS06 = POT # "26th" # ICDCS}

@STRING{ICFP96 = POT # "1st" # ICFP}
@STRING{ICFP97 = POT # "2nd" # ICFP}
@STRING{ICFP98 = POT # "3rd" # ICFP}
@STRING{ICFP99 = POT # "4th" # ICFP}
@STRING{ICFP01 = POT # "6th" # ICFP}
@STRING{ICFP02 = POT # "7th" # ICFP}
@STRING{ICFP08 = POT # "12th" # ICFP}

@STRING{ICSE04 = POT # "26th" # ICSE}
@STRING{ICSE07 = POT # "29th" # ICSE}

@STRING{ICSM91 = POT # "1991" # ICSM}
@STRING{ICSM05 = POT # "21st" # ICSM}

@STRING{IFIP74 = POT # IFIP # "74"}

@STRING{INFOCOM02 = POT # "21st" # INFOCOM}

@STRING{IOPADS99 = POT # "6th" # IOPADS}

@STRING{IPDPS06 = POT # "20th" # IPDPS}
@STRING{IPDPS09 = POT # "23rd" # IPDPS}

@STRING{IPTPS03 = POT # "2nd" # IPTPS}

@STRING{ISCA90 = POT # "17th" # ISCA}
@STRING{ISCA93 = POT # "20th" # ISCA}
@STRING{ISCA07 = POT # "34th" # ISCA}

@STRING{ISSSE06 = POT # ISSSE}

@STRING{IWCW00 = POT # "5th" # IWCW}
@STRING{IWCW01 = POT # "6th" # IWCW}
@STRING{IWCW02 = POT # "7th" # IWCW}
@STRING{IWCW03 = POT # "8th" # IWCW}

@STRING{IWPC97 = POT # "5th" # IWPC}
@STRING{IWPC02 = POT # "10th" # IWPC}

@STRING{JVM02 = POT # "2nd" # JVM}

@STRING{LCTES05 = POT # LCTES}

@STRING{LDTA09 = POT # "9th" # LDTA}

@STRING{LFP88 = POT # LFP}
@STRING{LFP92 = POT # LFP}

@STRING{MICRO05 = POT # "38th" # MICRO}
@STRING{MICRO07 = POT # "40th" # MICRO}

@STRING{MIDDLEWARE98 = POT # " 1998 International Conference on Distributed Systems Platforms"}
@STRING{MIDDLEWARE01 = POT # " 2001 International Conference on Distributed Systems Platforms"}
@STRING{MIDDLEWARE08 = POT # "9th" # MIDDLEWARE}
@STRING{MIDDLEWARE09 = POT # "10th" # MIDDLEWARE}

@STRING{ML98 = POT # ML}

@STRING{MOBICOM97 = POT # "3rd" # MOBICOM}
@STRING{MOBICOM99 = POT # "5th" # MOBICOM}
@STRING{MOBICOM00 = POT # "6th" # MOBICOM}
@STRING{MOBICOM02 = POT # "8th" # MOBICOM}

@STRING{MOBISYS03 = POT # "1st" # MOBISYS}

@STRING{NCSC85 = POT # "17th" # NCSC}

@STRING{NSDI04 = POT # "1st" # NSDI}
@STRING{NSDI06 = POT # "3rd" # NSDI}
@STRING{NSDI07 = POT # "4th" # NSDI}
@STRING{NSDI09 = POT # "6th" # NSDI}
@STRING{NSDI10 = POT # "7th" # NSDI}
@STRING{NSDI11 = POT # "8th" # NSDI}

@STRING{NSPW93 = POT # NSPW}
@STRING{NSPW96 = POT # NSPW}
@STRING{NSPW99 = POT # NSPW}

@STRING{OOPSLA86 = POT # OOPSLA}
@STRING{OOPSLA89 = POT # OOPSLA}
@STRING{OOPSLA90 = POT # OOPSLA}
@STRING{OOPSLA92 = POT # OOPSLA}
@STRING{OOPSLA93 = POT # OOPSLA}
@STRING{OOPSLA94 = POT # OOPSLA}
@STRING{OOPSLA95 = POT # OOPSLA}
@STRING{OOPSLA96 = POT # OOPSLA}
@STRING{OOPSLA98 = POT # OOPSLA}
@STRING{OOPSLA99 = POT # OOPSLA}
@STRING{OOPSLA00 = POT # OOPSLA}
@STRING{OOPSLA01 = POT # OOPSLA}
@STRING{OOPSLA03 = POT # OOPSLA}
@STRING{OOPSLA04 = POT # OOPSLA}
@STRING{OOPSLA05 = POT # OOPSLA}
@STRING{OOPSLA06 = POT # OOPSLA}
@STRING{OOPSLA07 = POT # OOPSLA}
@STRING{OOPSLA08 = POT # OOPSLA}
@STRING{OOPSLA09 = POT # OOPSLA}
@STRING{OOPSLA10 = POT # OOPSLA}
@STRING{OOPSLA11 = POT # OOPSLA}

@STRING{OOPSLA07COMP = COMPANION # "22nd" # OOPSLA}

@STRING{OSDI94 = POT # "1st" # OSDI}
@STRING{OSDI96 = POT # "2nd" # OSDI}
@STRING{OSDI99 = POT # "3rd" # OSDI}
@STRING{OSDI00 = POT # "4th" # OSDI}
@STRING{OSDI02 = POT # "5th" # OSDI}
@STRING{OSDI04 = POT # "6th" # OSDI}
@STRING{OSDI06 = POT # "7th" # OSDI}
@STRING{OSDI08 = POT # "8th" # OSDI}
@STRING{OSDI10 = POT # "9th" # OSDI}

@STRING{PACT04 = POT # "13th" # PACT}
@STRING{PACT09 = POT # "18th" # PACT}
@STRING{PACT10 = POT # "19th" # PACT}

@STRING{PADL03 = POT # "5th" # PADL}

@STRING{PPDP99 = POT # "1st" # PPDP}
@STRING{PPDP04 = POT # "6th" # PPDP}
@STRING{PPDP06 = POT # "8th" # PPDP}

@STRING{PDPTA03 = POT # PDPTA}

@STRING{PEPM97 = POT # PEPM}
@STRING{PEPM02 = POT # PEPM}
@STRING{PEPM07 = POT # PEPM}
@STRING{PEPM08 = POT # PEPM}

@STRING{PERVASIVE02 = POT # PERVASIVE}

@STRING{PLDI88 = POT # PLDI}
@STRING{PLDI89 = POT # PLDI}
@STRING{PLDI91 = POT # PLDI}
@STRING{PLDI93 = POT # PLDI}
@STRING{PLDI94 = POT # PLDI}
@STRING{PLDI96 = POT # PLDI}
@STRING{PLDI98 = POT # PLDI}
@STRING{PLDI99 = POT # PLDI}
@STRING{PLDI01 = POT # PLDI}
@STRING{PLDI02 = POT # PLDI}
@STRING{PLDI03 = POT # PLDI}
@STRING{PLDI05 = POT # PLDI}
@STRING{PLDI06 = POT # PLDI}
@STRING{PLDI07 = POT # PLDI}
@STRING{PLDI08 = POT # PLDI}
@STRING{PLDI09 = POT # PLDI}
@STRING{PLDI10 = POT # PLDI}
@STRING{PLDI11 = POT # PLDI}

@STRING{PLOS05 = POT # "2nd" # PLOS}
@STRING{PLOS11 = POT # "6th" # PLOS}

@STRING{PODC82 = POT # "1st" # PODC}
@STRING{PODC87 = POT # "6th" # PODC}
@STRING{PODC95 = POT # "14th" # PODC}
@STRING{PODC99 = POT # "18th" # PODC}
@STRING{PODC02 = POT # "21st" # PODC}

@STRING{PODS91 = POT # "10th" # PODS}
@STRING{PODS97 = POT # "16th" # PODS}
@STRING{PODS02 = POT # "21st" # PODS}

@STRING{POPL89 = POT # "16th" # POPL}
@STRING{POPL91 = POT # "18th" # POPL}
@STRING{POPL96 = POT # "23rd" # POPL}
@STRING{POPL97 = POT # "24th" # POPL}
@STRING{POPL98 = POT # "25th" # POPL}
@STRING{POPL99 = POT # "26th" # POPL}
@STRING{POPL00 = POT # "27th" # POPL}
@STRING{POPL01 = POT # "28th" # POPL}
@STRING{POPL02 = POT # "29th" # POPL}
@STRING{POPL03 = POT # "30th" # POPL}
@STRING{POPL04 = POT # "31st" # POPL}
@STRING{POPL05 = POT # "32nd" # POPL}
@STRING{POPL06 = POT # "33rd" # POPL}
@STRING{POPL09 = POT # "36th" # POPL}

@STRING{PPOPP95 = POT # "5th" # PPOPP}

@STRING{RTSS04 = POT # "25th" # RTSS}

@STRING{SACMAT02 = POT # "7th" # SACMAT}

@STRING{SEC95 = POT # "5th" # SEC}
@STRING{SEC98 = POT # "7th" # SEC}

@STRING{SCAM02 = POT # "2nd" # SCAM}

@STRING{SCC79 = POT # SCC}
@STRING{SCC82 = POT # SCC}
@STRING{SCC84 = POT # SCC}

@STRING{SECPRI82 = POT # SECPRI}
@STRING{SECPRI87 = POT # SECPRI}
@STRING{SECPRI88 = POT # SECPRI}
@STRING{SECPRI89 = POT # SECPRI}
@STRING{SECPRI90 = POT # SECPRI}
@STRING{SECPRI95 = POT # SECPRI}
@STRING{SECPRI96 = POT # SECPRI}
@STRING{SECPRI98 = POT # SECPRI}
@STRING{SECPRI99 = POT # SECPRI}
@STRING{SECPRI00 = POT # SECPRI}

@STRING{SESPSDE89 = POT # "3rd" # SESPSDE}

@STRING{SIGCOMM90 = POT # SIGCOMM}
@STRING{SIGCOMM96 = POT # SIGCOMM}
@STRING{SIGCOMM98 = POT # SIGCOMM}
@STRING{SIGCOMM99 = POT # SIGCOMM}
@STRING{SIGCOMM01 = POT # SIGCOMM}
@STRING{SIGCOMM02 = POT # SIGCOMM}
@STRING{SIGCOMM03 = POT # SIGCOMM}
@STRING{SIGCOMM04 = POT # SIGCOMM}

@STRING{SIGGRAPH04 = POT # SIGGRAPH}

@STRING{SIGMETRICS90 = POT # SIGMETRICS}
@STRING{SIGMETRICS94 = POT # SIGMETRICS}

@STRING{SIGMOD88 = POT # SIGMOD}
@STRING{SIGMOD90 = POT # SIGMOD}
@STRING{SIGMOD92 = POT # SIGMOD}
@STRING{SIGMOD93 = POT # SIGMOD}
@STRING{SIGMOD96 = POT # SIGMOD}
@STRING{SIGMOD97 = POT # SIGMOD}
@STRING{SIGMOD98 = POT # SIGMOD}
@STRING{SIGMOD00 = POT # SIGMOD}
@STRING{SIGMOD02 = POT # SIGMOD}
@STRING{SIGMOD03 = POT # SIGMOD}
@STRING{SIGMOD04 = POT # SIGMOD}
@STRING{SIGMOD06 = POT # SIGMOD}
@STRING{SIGMOD08 = POT # SIGMOD}
@STRING{SIGMOD14 = POT # SIGMOD}

@STRING{SIGOPS8 = POT # "8th" # SIGOPS}
@STRING{SIGOPS9 = POT # "9th" # SIGOPS}

@STRING{SLE08 = POT # "1st" # SLE}

@STRING{SOSP75 = POT # "5th" # SOSP}
@STRING{SOSP83 = POT # "9th" # SOSP}
@STRING{SOSP85 = POT # "10th" # SOSP}
@STRING{SOSP87 = POT # "11th" # SOSP}
@STRING{SOSP89 = POT # "12th" # SOSP}
@STRING{SOSP91 = POT # "13th" # SOSP}
@STRING{SOSP93 = POT # "14th" # SOSP}
@STRING{SOSP95 = POT # "15th" # SOSP}
@STRING{SOSP97 = POT # "16th" # SOSP}
@STRING{SOSP99 = POT # "17th" # SOSP}
@STRING{SOSP01 = POT # "18th" # SOSP}
@STRING{SOSP03 = POT # "19th" # SOSP}
@STRING{SOSP05 = POT # "20th" # SOSP}
@STRING{SOSP07 = POT # "21st" # SOSP}
@STRING{SOSP09 = POT # "22nd" # SOSP}

@STRING{USENIXS85 = POT # " Summer {USENIX} Conference"}
@STRING{USENIXS86 = POT # " Summer {USENIX} Conference"}
@STRING{USENIXW88 = POT # " Winter {USENIX} Conference"}
@STRING{USENIXS90 = POT # " Summer {USENIX} Conference"}
@STRING{USENIXW91 = POT # " Winter {USENIX} Conference"}
@STRING{USENIXS91 = POT # " Summer {USENIX} Conference"}
@STRING{USENIXW92 = POT # " Winter {USENIX} Conference"}
@STRING{USENIXW93 = POT # " Winter {USENIX} Conference"}
@STRING{USENIXS94 = POT # " Summer {USENIX} Conference"}
@STRING{USENIX95  = POT # USENIX}
@STRING{USENIX96  = POT # USENIX}
@STRING{USENIX97  = POT # USENIX}
@STRING{USENIX98  = POT # USENIX}
@STRING{USENIX99  = POT # USENIX}
@STRING{USENIX00  = POT # USENIX}
@STRING{USENIX01  = POT # USENIX}
@STRING{USENIX02  = POT # USENIX}
@STRING{USENIX03  = POT # USENIX}
@STRING{USENIX04  = POT # USENIX}
@STRING{USENIX07  = POT # USENIX}
@STRING{USENIX09  = POT # USENIX}
@STRING{USENIX11  = POT # USENIX}

@STRING{SPAA08 = POT # "20th" # SPAA}

@STRING{SPLAT06 = POT # SPLAT}

@STRING{STOC69 = POT # "1st" # STOC}
@STRING{STOC03 = POT # "35th" # STOC}

@STRING{USITS97 = POT # "1st" # USITS}
@STRING{USITS99 = POT # "2nd" # USITS}
@STRING{USITS01 = POT # "3rd" # USITS}
@STRING{USITS03 = POT # "4th" # USITS}

@STRING{VAMOS11 = POT # "5th" # VAMOS}

@STRING{VEE05 = POT # "1st" # VEE}
@STRING{VEE10 = POT # "6th" # VEE}

@STRING{VLDB87 = POT # "13th" # VLDB}
@STRING{VLDB97 = POT # "23rd" # VLDB}
@STRING{VLDB99 = POT # "25th" # VLDB}
@STRING{VLDB03 = POT # "29th" # VLDB}
@STRING{VLDB04 = POT # "30th" # VLDB}
@STRING{VLDB09 = POT # "35th" # VLDB}
@STRING{VLDB10 = POT # "36th" # VLDB}

@STRING{VM04 = POT # "Third" # VM}

@STRING{WCRE01 = POT # "8th" # WCRE}
@STRING{WCRE05 = POT # "12th" # WCRE}

@STRING{WHPCF10 = POT # WHPCF}

@STRING{WINDOWS97 = POT # "{USENIX Windows NT} Workshop"}
@STRING{WINDOWS98 = POT # "2nd" # WINDOWS}
@STRING{WINDOWS99 = POT # "3rd" # WINDOWS}

@STRING{WRT09 = POT # "3rd" # WRT}

@STRING{WWW97 = POT # "6th" # WWW}
@STRING{WWW99 = POT # "8th" # WWW}
@STRING{WWW02 = POT # "11th" # WWW}
@STRING{WWW03 = POT # "12th" # WWW}
@STRING{WWW04 = POT # "13th" # WWW}
@STRING{WWW05 = POT # "14th" # WWW}
@STRING{WWW08 = POT # "17th" # WWW}

@STRING{XMLSEC03 = POT # XMLSEC}


@InProceedings{alagiannis14,
  author =    "Ioannis Alagiannis and Stratos Idreos and Anastasia Ailamaki",
  title =     {"H2O: A Hands-free Adaptive Store"},
  booktitle = SIGMOD14,
  month =     jun,
  year =      {2014},
  note =      "To appear"
}

@Article{gedik14,
  author = 	  "Bu{\u{g}}ra Gedik and Rajesh Bordawekar",
  title = 	  "{Disk-based Management of Interaction Graphs}",
  journal =   TKDE,
  year = 	  2014,
  volume = 	  "10",
  number = 	  "1109",
  xpages = 	  "650--665",
  xmonth =    jul
}

@Article{grund10,
  author =    "Martin Grund and Alexander Zeier and Jens Krüger and Hasso Plattner and Samuel Madden",
  title =     "{HYRISE A Main Memory Hybrid Storage Engine}",
  journal =   VLDBJ,
  pages = 	  "105--116",
  volume = 	  "4",
  number = 	  "2",
  month =     aug,
  year =      2010,
}